<?xml version="1.0" encoding="UTF-8"?><collection xmlns="http://www.loc.gov/MARC21/slim"><record><leader>00435nam--2200181-i-4500</leader><controlfield tag="001">000015428</controlfield><controlfield tag="002">20161230</controlfield><controlfield tag="005">20170109000306</controlfield><controlfield tag="008">060222s1000------------r-----000-0-rum-d</controlfield><datafield ind1=" " ind2=" " tag="040"><subfield code="a">IFIN-HH</subfield></datafield><datafield ind1=" " ind2=" " tag="041"><subfield code="a">rum</subfield></datafield><datafield ind1=" " ind2=" " tag="080"><subfield code="a">53(07)</subfield></datafield><datafield ind1="1" ind2=" " tag="100"><subfield code="a">Cretu, Traian I</subfield></datafield><datafield ind1="1" ind2="0" tag="245"><subfield code="a">Fizica generala. Vol. I</subfield><subfield code="c">Traian I. Cretu</subfield></datafield><datafield ind1=" " ind2=" " tag="260"><subfield code="a">Bucuresti</subfield><subfield code="b">Editura Tehnica</subfield></datafield><datafield ind1=" " ind2=" " tag="300"><subfield code="a">1588 p</subfield></datafield><datafield ind1=" " ind2=" " tag="852"><subfield code="a">72269</subfield><subfield code="c">53</subfield></datafield><datafield ind1=" " ind2=" " tag="CAT"><subfield code="a">SYS</subfield><subfield code="c">20170109</subfield><subfield code="h">000306</subfield></datafield></record></collection>